{
  "leader": "03351cam a2200553Ia 4500",
  "fields": [
    {
      "001": "ocm46703899\\"
    },
    {
      "003": "OCoLC"
    },
    {
      "005": "20221220093007.0"
    },
    {
      "008": "010404s2001\\\\\\\\nyua\\\\\\\\\\b\\\\\\\\001\\0\\eng\\\\"
    },
    {
      "010": {
        "ind1": "\\",
        "ind2": "\\",
        "subfields": [
          {
            "a": "  2001031201"
          }
        ]
      }
    },
    {
      "040": {
        "ind1": "\\",
        "ind2": "\\",
        "subfields": [
          {
            "a": "DLC"
          },
          {
            "b": "eng"
          },
          {
            "c": "DLC"
          },
          {
            "d": "IG#"
          },
          {
            "d": "LVB"
          },
          {
            "d": "BAKER"
          },
          {
            "d": "BTCTA"
          },
          {
            "d": "YDXCP"
          },
          {
            "d": "UVV"
          },
          {
            "d": "HEBIS"
          },
          {
            "d": "DEBBG"
          },
          {
            "d": "OCLCF"
          },
          {
            "d": "OCLCQ"
          },
          {
            "d": "OCLCO"
          },
          {
            "d": "OCL"
          },
          {
            "d": "OCLCQ"
          },
          {
            "d": "OCLCO"
          },
          {
            "d": "CPO"
          },
          {
            "d": "OCLCQ"
          },
          {
            "d": "OCLCO"
          },
          {
            "d": "OCLCQ"
          },
          {
            "d": "OCLCA"
          },
          {
            "d": "LCOAD"
          },
          {
            "d": "OCLCA"
          },
          {
            "d": "OCLCQ"
          },
          {
            "d": "OCLCO"
          },
          {
            "d": "CNCCA"
          },
          {
            "d": "OCLCO"
          },
          {
            "d": "PHA"
          }
        ]
      }
    },
    {
      "019": {
        "ind1": "\\",
        "ind2": "\\",
        "subfields": [
          {
            "a": "1000806209"
          },
          {
            "a": "1008501560"
          }
        ]
      }
    },
    {
      "020": {
        "ind1": "\\",
        "ind2": "\\",
        "subfields": [
          {
            "a": "1580931049"
          }
        ]
      }
    },
    {
      "020": {
        "ind1": "\\",
        "ind2": "\\",
        "subfields": [
          {
            "a": "9781580931045"
          }
        ]
      }
    },
    {
      "035": {
        "ind1": "\\",
        "ind2": "\\",
        "subfields": [
          {
            "a": "(OCoLC)46703899"
          },
          {
            "z": "(OCoLC)1000806209"
          },
          {
            "z": "(OCoLC)1008501560"
          }
        ]
      }
    },
    {
      "042": {
        "ind1": "\\",
        "ind2": "\\",
        "subfields": [
          {
            "a": "pcc"
          }
        ]
      }
    },
    {
      "043": {
        "ind1": "\\",
        "ind2": "\\",
        "subfields": [
          {
            "a": "n-us---"
          }
        ]
      }
    },
    {
      "050": {
        "ind1": "0",
        "ind2": "0",
        "subfields": [
          {
            "a": "NA7207"
          },
          {
            "b": ".S26 2001"
          }
        ]
      }
    },
    {
      "082": {
        "ind1": "0",
        "ind2": "0",
        "subfields": [
          {
            "a": "728.80973"
          },
          {
            "b": "SAN"
          }
        ]
      }
    },
    {
      "100": {
        "ind1": "1",
        "ind2": "\\",
        "subfields": [
          {
            "a": "Sanger, Martha Frick Symington,"
          },
          {
            "e": "author."
          }
        ]
      }
    },
    {
      "245": {
        "ind1": "1",
        "ind2": "4",
        "subfields": [
          {
            "a": "The Henry Clay Frick houses :"
          },
          {
            "b": "architecture, interiors, landscapes in the golden era /"
          },
          {
            "c": "Martha Frick Symington Sanger ; foreword by Wendell Garrett."
          }
        ]
      }
    },
    {
      "260": {
        "ind1": "\\",
        "ind2": "\\",
        "subfields": [
          {
            "a": "New York :"
          },
          {
            "b": "Monacelli Press,"
          },
          {
            "c": "2001."
          }
        ]
      }
    },
    {
      "300": {
        "ind1": "\\",
        "ind2": "\\",
        "subfields": [
          {
            "a": "xiv, 295 pages :"
          },
          {
            "b": "illustrations ;"
          },
          {
            "c": "31 cm"
          }
        ]
      }
    },
    {
      "336": {
        "ind1": "\\",
        "ind2": "\\",
        "subfields": [
          {
            "a": "text"
          },
          {
            "b": "txt"
          },
          {
            "2": "rdacontent"
          }
        ]
      }
    },
    {
      "337": {
        "ind1": "\\",
        "ind2": "\\",
        "subfields": [
          {
            "a": "unmediated"
          },
          {
            "b": "n"
          },
          {
            "2": "rdamedia"
          }
        ]
      }
    },
    {
      "338": {
        "ind1": "\\",
        "ind2": "\\",
        "subfields": [
          {
            "a": "volume"
          },
          {
            "b": "nc"
          },
          {
            "2": "rdacarrier"
          }
        ]
      }
    },
    {
      "504": {
        "ind1": "\\",
        "ind2": "\\",
        "subfields": [
          {
            "a": "Includes bibliographical references (pages 287-289) and index."
          }
        ]
      }
    },
    {
      "505": {
        "ind1": "0",
        "ind2": "\\",
        "subfields": [
          {
            "a": "Beginnings : Westmoreland County, Pennsylvania : Influence on the Henry Clay Frick Houses -- Clayton : the Residence of Mr. and Mrs. Henry Clay Frick, Pittsburgh, Pennsylvania -- Eagle Rock : a Summer Retreat, Boston's North Shore -- One East Seventieth Street : the New York Residence, the Frick Collection -- The Clayton Estate : The Home of Mr. and Mrs. Childs Frick, Long Island, New York -- Endings : Westmoreland Farm : the Country Home of Helen Clay Frick, Westchester County, New York."
          }
        ]
      }
    },
    {
      "520": {
        "ind1": "\\",
        "ind2": "\\",
        "subfields": [
          {
            "a": "Book interweaves the stories of the lives of Henry Clay Frick, his wife, Adelaide, and their children with the history of the houses in which they lived. Discusses the construction of One East Seventieth Street, the New York home which is today the Frick Collection, and the interior decoration of all the homes the family lived in from the mid-nineteenth to the twentieth century."
          }
        ]
      }
    },
    {
      "600": {
        "ind1": "1",
        "ind2": "0",
        "subfields": [
          {
            "a": "Frick, Henry Clay,"
          },
          {
            "d": "1849-1919"
          },
          {
            "x": "Homes and haunts."
          }
        ]
      }
    },
    {
      "600": {
        "ind1": "3",
        "ind2": "0",
        "subfields": [
          {
            "a": "Frick family"
          },
          {
            "x": "History."
          }
        ]
      }
    },
    {
      "650": {
        "ind1": "\\",
        "ind2": "0",
        "subfields": [
          {
            "a": "Mansions"
          },
          {
            "z": "United States."
          }
        ]
      }
    },
    {
      "650": {
        "ind1": "\\",
        "ind2": "0",
        "subfields": [
          {
            "a": "Architecture"
          },
          {
            "z": "United States"
          },
          {
            "x": "History"
          },
          {
            "y": "19th century."
          }
        ]
      }
    },
    {
      "650": {
        "ind1": "\\",
        "ind2": "0",
        "subfields": [
          {
            "a": "Interior decoration"
          },
          {
            "z": "United States"
          },
          {
            "x": "History"
          },
          {
            "y": "19th century."
          }
        ]
      }
    },
    {
      "600": {
        "ind1": "3",
        "ind2": "7",
        "subfields": [
          {
            "a": "Frick family."
          },
          {
            "2": "fast"
          },
          {
            "0": "(OCoLC)fst00212452"
          }
        ]
      }
    },
    {
      "600": {
        "ind1": "1",
        "ind2": "7",
        "subfields": [
          {
            "a": "Frick, Henry Clay,"
          },
          {
            "d": "1849-1919"
          },
          {
            "2": "fast"
          },
          {
            "0": "(OCoLC)fst00253663"
          }
        ]
      }
    },
    {
      "650": {
        "ind1": "\\",
        "ind2": "7",
        "subfields": [
          {
            "a": "Architecture."
          },
          {
            "2": "fast"
          },
          {
            "0": "(OCoLC)fst00813346"
          }
        ]
      }
    },
    {
      "650": {
        "ind1": "\\",
        "ind2": "7",
        "subfields": [
          {
            "a": "Homes."
          },
          {
            "2": "fast"
          },
          {
            "0": "(OCoLC)fst01353235"
          }
        ]
      }
    },
    {
      "650": {
        "ind1": "\\",
        "ind2": "7",
        "subfields": [
          {
            "a": "Interior decoration."
          },
          {
            "2": "fast"
          },
          {
            "0": "(OCoLC)fst00976327"
          }
        ]
      }
    },
    {
      "650": {
        "ind1": "\\",
        "ind2": "7",
        "subfields": [
          {
            "a": "Mansions."
          },
          {
            "2": "fast"
          },
          {
            "0": "(OCoLC)fst01007944"
          }
        ]
      }
    },
    {
      "651": {
        "ind1": "\\",
        "ind2": "7",
        "subfields": [
          {
            "a": "United States."
          },
          {
            "2": "fast"
          },
          {
            "0": "(OCoLC)fst01204155"
          }
        ]
      }
    },
    {
      "648": {
        "ind1": "\\",
        "ind2": "7",
        "subfields": [
          {
            "a": "1800-1899"
          },
          {
            "2": "fast"
          }
        ]
      }
    },
    {
      "655": {
        "ind1": "\\",
        "ind2": "7",
        "subfields": [
          {
            "a": "History."
          },
          {
            "2": "fast"
          },
          {
            "0": "(OCoLC)fst01411628"
          }
        ]
      }
    },
    {
      "776": {
        "ind1": "0",
        "ind2": "8",
        "subfields": [
          {
            "i": "Online version:"
          },
          {
            "a": "Sanger, Martha Frick Symington."
          },
          {
            "t": "Henry Clay Frick houses."
          },
          {
            "d": "New York : Monacelli Press, 2001"
          },
          {
            "w": "(OCoLC)606626011"
          }
        ]
      }
    },
    {
      "856": {
        "ind1": "4",
        "ind2": "2",
        "subfields": [
          {
            "3": "Contributor biographical information"
          },
          {
            "u": "http://catdir.loc.gov/catdir/enhancements/fy0835/2001031201-b.html"
          }
        ]
      }
    },
    {
      "856": {
        "ind1": "4",
        "ind2": "2",
        "subfields": [
          {
            "3": "Publisher description"
          },
          {
            "u": "http://catdir.loc.gov/catdir/enhancements/fy0835/2001031201-d.html"
          }
        ]
      }
    },
    {
      "994": {
        "ind1": "\\",
        "ind2": "\\",
        "subfields": [
          {
            "a": "Z0"
          },
          {
            "b": "NYRVC"
          }
        ]
      }
    },
    {
      "948": {
        "ind1": "\\",
        "ind2": "\\",
        "subfields": [
          {
            "h": "NO HOLDINGS IN NYRVC - 378 OTHER HOLDINGS"
          }
        ]
      }
    },
    {
      "999": {
        "ind1": "\\",
        "ind2": "\\",
        "subfields": [
          {
            "a": "00000000010755"
          }
        ]
      }
    }
  ]
}